<?xml version="1.0" encoding="UTF-8"?><collection xmlns="http://www.loc.gov/MARC21/slim"><record><leader>00470nam--2200145-i-4500</leader><controlfield tag="001">000006957</controlfield><controlfield tag="002">20161230</controlfield><controlfield tag="005">20170225191711</controlfield><controlfield tag="008">060222s1000------------r-----000-0-eng-d</controlfield><datafield ind1=" " ind2=" " tag="100"><subfield code="a">Dahlgren, Sven-Eric</subfield></datafield><datafield ind1=" " ind2=" " tag="245"><subfield code="a">The influence of impurities on viscosity and density in water solutions of phosphoric acid</subfield></datafield><datafield ind1=" " ind2=" " tag="260"><subfield code="a">Stockholm</subfield><subfield code="b">Roy.Swed.Acad.Of Eng.Sci</subfield><subfield code="c">1962</subfield></datafield><datafield ind1=" " ind2=" " tag="300"><subfield code="a">21 p.+ 9 Fig</subfield></datafield><datafield ind1=" " ind2=" " tag="490"><subfield code="a">Acta Polytechnica Scandinavica.Ch-19</subfield></datafield><datafield ind1=" " ind2=" " tag="CAT"><subfield code="a">SYS</subfield><subfield code="c">20170225</subfield><subfield code="h">191711</subfield></datafield></record></collection>